<?xml version="1.0" encoding="UTF-8"?>
<marc:collection xmlns:marc="http://www.loc.gov/MARC21/slim" xmlns:xsi="http://www.w3.org/2001/XMLSchema-instance" xsi:schemaLocation="http://www.loc.gov/MARC21/slim http://www.loc.gov/standards/marcxml/schema/MARC21slim.xsd">
   <marc:record type="Bibliographic">
      <marc:leader>01208cam a2200277 a 4500</marc:leader>
      <marc:controlfield tag="001">2924477</marc:controlfield>
      <marc:controlfield tag="003">NjP</marc:controlfield>
      <marc:controlfield tag="005">20151026142727.0</marc:controlfield>
      <marc:controlfield tag="008">910204s1960    iq            001 0baraod</marc:controlfield>
      <marc:datafield tag="024" ind1="7" ind2=" ">
         <marc:subfield code="a">princeton_aco000490</marc:subfield>
         <marc:subfield code="2">local</marc:subfield>
      </marc:datafield>
      <marc:datafield tag="010" ind1=" " ind2=" ">
         <marc:subfield code="a">ne 65000591  </marc:subfield>
      </marc:datafield>
      <marc:datafield tag="035" ind1=" " ind2=" ">
         <marc:subfield code="a">(OCoLC)ocm23054968</marc:subfield>
      </marc:datafield>
      <marc:datafield tag="035" ind1=" " ind2=" ">
         <marc:subfield code="9">CPF1733TS</marc:subfield>
      </marc:datafield>
      <marc:datafield tag="040" ind1=" " ind2=" ">
         <marc:subfield code="a">CLE</marc:subfield>
         <marc:subfield code="c">CLE</marc:subfield>
         <marc:subfield code="d">PUL</marc:subfield>
      </marc:datafield>
      <marc:datafield tag="041" ind1="1" ind2=" ">
         <marc:subfield code="a">araper</marc:subfield>
         <marc:subfield code="h">per</marc:subfield>
      </marc:datafield>
      <marc:datafield tag="050" ind1="0" ind2=" ">
         <marc:subfield code="a">PK6524</marc:subfield>
         <marc:subfield code="b">.S35 1960</marc:subfield>
      </marc:datafield>
      <marc:datafield tag="100" ind1="1" ind2=" ">
         <marc:subfield code="a">Ṣarrāf, Aḥmad Ḥāmid.</marc:subfield>
      </marc:datafield>
      <marc:datafield tag="245" ind1="1" ind2="0">
         <marc:subfield code="a">ʻUmar al-Khayyām :</marc:subfield>
         <marc:subfield code="b">al-ḥakīm al-riyāḍī al-falakī al-Nīsābūrī ; ḥayātuhu wa-sīratuh, ʻaṣruhu al-siyāsī, ʻaṣruhu al-ʻilmī, ʻulamāʾ ʻaṣrih, adabuhu wa-falsafatuh, maṣādir falsafatih, nuẓarāʾuh, rubāʻīyātuhu wa-rasāʾiluh /</marc:subfield>
         <marc:subfield code="c">taʾlīf wa tarjamat Aḥmad Ḥāmid al-Ṣarrāf.</marc:subfield>
      </marc:datafield>
      <marc:datafield tag="250" ind1=" " ind2=" ">
         <marc:subfield code="a">al-Ṭabʻah 3.</marc:subfield>
      </marc:datafield>
      <marc:datafield tag="260" ind1=" " ind2=" ">
         <marc:subfield code="a">Baghdād :</marc:subfield>
         <marc:subfield code="b">Maṭbaʻat al-Maʻārif,</marc:subfield>
         <marc:subfield code="c">1960.</marc:subfield>
      </marc:datafield>
      <marc:datafield tag="300" ind1=" " ind2=" ">
         <marc:subfield code="a">384 p. :</marc:subfield>
         <marc:subfield code="b">ill. ;</marc:subfield>
         <marc:subfield code="c">24 cm.</marc:subfield>
      </marc:datafield>
      <marc:datafield tag="500" ind1=" " ind2=" ">
         <marc:subfield code="a">Contains the Persian text of ther Rubāʻīyāt, with the Arabic translation.</marc:subfield>
      </marc:datafield>
      <marc:datafield tag="504" ind1=" " ind2=" ">
         <marc:subfield code="a">Includes indexes</marc:subfield>
      </marc:datafield>
      <marc:datafield tag="600" ind1="0" ind2="0">
         <marc:subfield code="a">Omar Khayyam.</marc:subfield>
      </marc:datafield>
      <marc:datafield tag="700" ind1="0" ind2="2">
         <marc:subfield code="a">Omar Khayyam.</marc:subfield>
         <marc:subfield code="t">Rubāʻīyāt.</marc:subfield>
         <marc:subfield code="l">Arabic.</marc:subfield>
      </marc:datafield>
      <marc:datafield tag="852" ind1="0" ind2=" ">
         <marc:subfield code="b">nec</marc:subfield>
         <marc:subfield code="h">PK6524</marc:subfield>
         <marc:subfield code="i">.S35 1960</marc:subfield>
         <marc:subfield code="p">3238941</marc:subfield>
         <marc:subfield code="x">reclassed from: 2472.899.11</marc:subfield>
      </marc:datafield>
      <marc:datafield tag="945" ind1=" " ind2=" ">
         <marc:subfield code="a">SY</marc:subfield>
         <marc:subfield code="b">1</marc:subfield>
         <marc:subfield code="c">2472.899.11</marc:subfield>
      </marc:datafield>
      <marc:datafield tag="911" ind1=" " ind2=" ">
         <marc:subfield code="a">20000402</marc:subfield>
      </marc:datafield>
   </marc:record>
</marc:collection>
